<?xml version="1.0" encoding="UTF-8"?><collection xmlns="http://www.loc.gov/MARC21/slim"><record><leader>00435nam--2200145-i-4500</leader><controlfield tag="001">000022416</controlfield><controlfield tag="002">20161230</controlfield><controlfield tag="005">20161230201034</controlfield><controlfield tag="008">060222s1000------------r-----000-0-eng-d</controlfield><datafield ind1=" " ind2=" " tag="080"><subfield code="a">512.4(075)</subfield></datafield><datafield ind1=" " ind2=" " tag="100"><subfield code="a">Jacobson, Nathan</subfield></datafield><datafield ind1=" " ind2=" " tag="245"><subfield code="a">Lectures in abstract algebra. vol.ii: linear algebra</subfield></datafield><datafield ind1=" " ind2=" " tag="260"><subfield code="a">New York, D.Van Nostrand Co., Inc., 1953-1964, Xii + 280 P</subfield></datafield><datafield ind1=" " ind2=" " tag="490"><subfield code="a">The University Series In Higher Mathematics</subfield></datafield><datafield ind1=" " ind2=" " tag="852"><subfield code="a">16500</subfield></datafield></record></collection>